@phtheshis{conciencia,
	title={Conciencia fonol{\'o}gica y desarrollo del conociemiento del lenguaje escrito en ni{\~n}os con trastorno espec{\'\i}fico del lenguaje expresivo.},
	author={C{\'a}rdenas Gajardo, Luis and Espinoza Pe{\~n}a, Ana and Gonz{\'a}lez Varas, Ariela and Hermosilla R{\'\i}os, Solange and Tapia Saavedra, Sara},
	note={Tesis},
	year={2004},
	school={Universidad de Chile}
	
}

@article{atelga,
	title={Transtorno específico del lenguaje: Guía para la intervención en el ámbito educativo},
	author={Mónica Vilameá Pérez, María Pereiró},
	note={Guía},
	year={2014},
	publisher={Asociación TEL Galicia}
}


@misc{nociones,
	title={Nociones Espaciales},
	author={Libuy, Catalina},
	year={2013},
	publisher={Fonolab juegos educativos de lenguaje},
	howpublished = "url:{https://play.google.com}",
	note = {Último acceso: 06-05-2015}
	
}



@misc{segmenta,
	title={Segmenta S{\'\i}labas},
	author={Libuy, Catalina},
	year={2013},
	publisher={Fonolab juegos educativos de lenguaje},
	howpublished = "url:{https://play.google.com}",
	note = {Último acceso: 06-05-2015}
}

@misc{vocales,
	title={Arrastra Vocales},
	author={Libuy, Catalina},
	year={2013},
	publisher={Fonolab juegos educativos de lenguaje}
	howpublished = "url:{https://play.google.com}",
	note = {Último acceso: 06-05-2015}
}

@article{recursos,
	title={Recursos Tecnológicos para la intervención en transtornos de lenguaje oral y escrito},
	author={Consuelo Bellosh},
	year={2012},
	publisher={Universidad de Valencia}
}

@phtheshis{desempeno,
	title={Desempeño semántico en niños con Trastorno Específico del Lenguaje utilizando el
	Índice de Diversidad Léxica},
	author={Fernando Álvarez Durán, Cristian Barraza Parraguez, Francisca Heredia Tudela, Pedro Jorquera Fernández, Karen Olea Ortega},
	note={Tesis}
	year={2006},
	school={Universidad de Chile},
	
}


@misc{REF5, 
	AUTHOR = "{CIAE}",
	TITLE = "Seminario analizará la relación entre lenguaje oral y lectura en niños con Trastorno Específico del Lenguaje",
	YEAR= {2014},
	howpublished = "url:{http://www.ciae.uchile.cl/}",
	note = {Último acceso: 06-04-2015}
	
}

@Article{REF6, 
	AUTHOR = "{Luis Martínez, Carol Herrera, Judith Valle y Marta Vásquez}",
	TITLE = "Memoria de Trabajo Fonológica en Preescolares con Trastornos Específico del Lenguaje Expresivo",
	note={Memoria},
	YEAR = "2003",
	publisher = "Universidad de Chile",
	journal=""
}


@misc{REF1,
	AUTHOR = "{MINEDUC}",
	TITLE = "Convenio entre ministerios de Educación y Justicia para desarrollar actividades educativas para personas privadas de libertad",
	YEAR= {2014},
	howpublished = "url:{http://www.mineduc.cl/}",
	note = {Último acceso: 06-04-2015}
	
}

@Article{REF2, 
	AUTHOR = "{Ministerio de Educación}",
	TITLE = "Guía de Apoyo Técnico-Pedagógico: Necesidades Educativas Especiales en el Nivel de Educación Parvularia",
	PUBLISHER = "Ministerio de Educación" ,
	YEAR = "2007",
	journal="" 
}

@misc{REF3, 
	AUTHOR = "{atelma}",
	TITLE = "¿Qué es el TEL?",
	howpublished = "url:{http://www.atelma.es/}",
	note = {Último acceso: 06-04-2015}
	
}

@misc{REF4, 
	AUTHOR = "{Ricardo Hidalgo Ottolenghi, Keneneth Reece Dousdebés, Marco Santamaria Oña, Patricia Auz Quelal}",
	TITLE = "Tecnologías de la Información y Comunicación (TICs) y Simuladores como herramienta de aprendizaje",
	PUBLISHER = "EQUINOCCIO Series Académicas Vol.5" ,
	howpublished = "url:{http://www.ute.edu.ec}",
	note = {Último acceso: 07-05-2015}
	
}


@misc{REF7, 
	AUTHOR = "{EducarChile}",
	TITLE = "Cómo apoyar a alumnos con trastornos específicos de lenguaje",
	YEAR= {2014},
	howpublished = "url:{http://www.educarchile.cl/}",
	note = {Último acceso: 06-04-2015}
	
}

@misc{logo,
	AUTHOR = "{Daniel Alonso Hernández Jara}",
	TITLE = "{Desarrollo de videojuego para evaluación del transtorno específico del lenguaje con logotomas}",
	note="{Tesis}",
	YEAR= {2014},
	howpublished = "{Universidad de Valparaíso}"
	
}

@misc{exler, 
	AUTHOR = "{Escuela de Patología del Lenguaje (EPL)}",
	TITLE = "El programa Exler",
	howpublished = "url: {http://www.ufrgs.br/}",
	note = {Último acceso: 14-04-2015}
	
}

@misc{morfo,
	
	AUTHOR = "{Onda Educa}",
	TITLE = "Espiral Morfosintaxis",
	howpublished = "url: {http://www.ondaeduca.com/}",
	note = {Último acceso: 14-04-2015}
	
}


@book{tecal,
	
	title={Test para la comprensión auditiva del lenguaje de E. Carrow, Aplicación en Chile},
	author={María Mercedes Pavez G.},
	year={2004},
	publisher={Universidad de Chile},
	note={Libro}
	
}

@book{teprosif,
	title={Test para evaluar procesos de simplificación fonológica. TEPROSIF-R},
	author={María Mercedes Pavez, Mariangela Maggiolo y Carmen Julia Coloma Onomázein.},
	year={2009},
	publisher={Universidad Pontificia Católica de Chile},
	note={Libro Vol 1}
	
}

@misc{arqui,
	
	AUTHOR = "{James Revelo}",
	TITLE = "{Arquitectura Lógica de la Plataforma}",
	howpublished = "url: {http://www.hermosaprogramacion.com}",
	note = {Último acceso: 04-06-2015}
	
}

@misc{arqui2,
	
	AUTHOR = "{Alberto Rodriguez}",
	TITLE = "{Diseño de Aplicacione Three Tier}",
	howpublished = "url: {http://www.fpress/revista/Num9711/Nov97.htm}",
	note = {Último acceso: 04-06-2015}
	
}


@misc{libreria,
	
	AUTHOR = "{Universidad Carlos III De Madrid}",
	TITLE = "{Android: Librerías Básicas}",
	howpublished = "url: {http://sites.google.com/site/swcuc3m/home/android/api}",
	note = {Último acceso: 04-06-2015}
	
}

@misc{pruebau,
	
	AUTHOR = "{Andrés Sommariva}",
	TITLE = "{Pruebas Unitarias, Parte1: Introducción y Utilización De Objetos Simulados (Mock)}",
	howpublished = "url: {http://www.microgestion.com}",
	note = {Último acceso: 04-06-2015}
	
}




@misc{pruebai,
	
	AUTHOR = "{Docsetools}",
	TITLE = "{Las pruebas de integraci\'on}",
	howpublished = "url: {http://www.docsetools.com}",
	note = {Último acceso: 04-06-2015}
	
}

@misc{pruebausa,
	
	AUTHOR = "{Crowdsourcedtesting}",
	TITLE = "{¿Qué son pruebas de usabilidad?}",
	howpublished = "url: {http://www.crowdsourcedtesting.com}",
	note = {Último acceso: 04-06-2015}
	
}

@misc{heu1,
	
	AUTHOR = "{Userit}",
	TITLE = "{Evaluaciones Heurísticas}",
	howpublished = "url: {http://www.useit.cat/es}",
	note = {Último acceso: 04-06-2015}
	
}

@misc{heu2,
	
	AUTHOR = "{Eduardo Suárez}",
	TITLE = "{Evaluación Heurística}",
	howpublished = "url: {http://dispersium.es}",
	note = {Último acceso: 04-06-2015}
	
}

@misc{sublime,
	
	AUTHOR = "{Sublime HQ}",
	TITLE = "{Sublime Text}",
	howpublished = "url: {http://www.sublimetext.com}",
	note = {Último acceso: 22-07-2015}
	
}

@misc{fuse,
	
	AUTHOR = "{FusePowered Company}",
	TITLE = "{Corona editor}",
	howpublished = "url:{https://coronalabs.com/products/editor}",
	note = {Último acceso: 22-07-2015}
	
}


@misc{lua,
	
	AUTHOR = "{PUC Rio}",
	TITLE = "{The programming language Lua}",
	howpublished = "url:{http://www.lua.org/about.html}",
	note = {Último acceso: 22-07-2015}
	
}


@misc{corona,
	
	AUTHOR = "{FusePowered Company}",
	TITLE = "{Corona SDK}",
	howpublished = "url:{https://coronalabs.com/products/corona-sdk}",
	note = {Último acceso: 22-07-2015}
	
}
